@ARTICLE{9786614,
  author={Fernandez, Guillermo and Aledo, Juan A. and Gamez, Jose A. and Puerta, Jose M.},
  journal={IEEE Transactions on Fuzzy Systems}, 
  title={Factual and counterfactual explanations in fuzzy classification trees}, 
  year={2022},
  volume={},
  number={},
  pages={1-1},
  doi={10.1109/TFUZZ.2022.3179582}}
